@Article{VonNeumann,
  author = 	 {John Von Neumann},
  title = 	 {Various techniques used in connection with random digits},
  journal = 	 {National Bureau of Standards Applied Mathematics Series},
  year = 	 {1951},
  OPTkey = 	 {},
  volume = 	 {12},
  OPTnumber = 	 {},
  OPTpages = 	 {},
  OPTmonth = 	 {},
  OPTnote = 	 {},
  OPTannote = 	 {}
}

